@misc{adamsetal14,
  author = {Charles F. Adams and Timothy J. Miller and John P. Manderson and David E. Richardson and Brian E. Smith},
  year = 2020,
  title = {{Butterfish 2014 Assessment}},
  howpublished = {{US Dept Commer, Northeast Fish Sci Cent Ref Doc. 15-06; 110 p.}}}

@article{arreguinsanchez96,
  author = {F. Arregu{\'i}n-S{\'a}nchez},
  year = 1996,
  title = {Catchability: a key parameter for fish stock asseessment},
  journal = {\rfbf},
  volume = 6,
  pages = {221--242},
  note = {doi: 10.1007/BF00182344}}

@MISC{azarovitz81,
	author = {T. S. Azarovitz},
	title = {A brief historical review of the {Woods} {Hole} {Laboratory} trawl survey time series. {{\it In}} {Bottom} {Trawl} {Surveys}. {{\it Edited}} {{\it by}} {W.} {G.} {Doubleday}  and {D.} {Rivard}.  {Can.} {Spec.} {Pub.} {Fish.} {Aqua.} {Sci.} {No.} 58. pp. 62--67},
	year = 1981}

@article{bijleveldetal12,
author = {Bijleveld, Allert I. and van Gils, Jan A. and van der Meer, Jaap and Dekinga, Anne and Kraan, Casper and van der Veer, Henk W. and Piersma, Theunis},
title = {Designing a benthic monitoring programme with multiple conflicting objectives},
journal = {Methods in Ecology and Evolution},
volume = {3},
number = {3},
pages = {526-536},
note = {doi: 10.1111/j.2041-210X.2012.00192.x},
doi = {https://doi.org/10.1111/j.2041-210X.2012.00192.x},
year = {2012}}

@article{bourne65,
  author = {N. Bourne},
  year = 1965,
  title = {A comparison of catches by 3- and 4-inch rings on offshore scallop drags},
  journal = {\jfrbc},
  volume = 22,
  number = 2,
  pages = {313--333}}

@article{bryanetal14,
title = {Quantitative video analysis of flatfish herding behavior and impact on effective area swept of a survey trawl},
journal = {Fisheries Research},
volume = {154},
pages = {120-126},
year = {2014},
issn = {0165-7836},
note = {doi: 10.1016/j.fishres.2014.02.007},
doi = {https://doi.org/10.1016/j.fishres.2014.02.007},
url = {https://www.sciencedirect.com/science/article/pii/S0165783614000472},
author = {David R. Bryan and Keith L. Bosley and Allan C. Hicks and Melissa A. Haltuch and W. Waldo Wakefield}}

@article{cadigan16,
  title = {A State-Space Stock Assessment Model for Northern Cod, Including under-Reported Catches and Variable Natural Mortality Rates},
  author = {Cadigan, Noel G.},
  editor = {Marshall, C. Tara},
  year = {2016},
  volume = {73},
  pages = {296--308},
  doi = {10.1139/cjfas-2015-0047},
  note = {doi: 10.1139/cjfas-2015-0047},
  journal = {Canadian Journal of Fisheries and Aquatic Sciences},
  number = {2}
}

@article{christiansenetal20,
author = {Christiansen, Heather M. and Switzer, Theodore S. and Keenan, Sean F. and Tyler-Jedlund, Amanda J. and Winner, Brent L.},
title = {Assessing the Relative Selectivity of Multiple Sampling Gears for Managed Reef Fishes in the Eastern Gulf of Mexico},
journal = {Marine and Coastal Fisheries},
volume = {12},
number = {5},
pages = {322-338},
note = {doi: 10.1002/mcf2.10129},
doi = {https://doi.org/10.1002/mcf2.10129},
year = {2020}}

@article{deanetal21,
    author = {Dean, Micah J and Hoffman, William S and Buchan, Nicholas C and Cadrin, Steven X and Grabowski, Jonathan H},
    title = {The influence of trawl efficiency assumptions on survey-based population metrics},
    journal = {ICES Journal of Marine Science},
    volume = {78},
    number = {8},
    pages = {2858-2874},
    year = {2021},
    doi = {10.1093/icesjms/fsab164},
    url = {https://doi.org/10.1093/icesjms/fsab164}}


@article{glasswardle89,
title = {Comparison of the reactions of fish to a trawl gear, at high and low light intensities},
journal = {Fisheries Research},
volume = {7},
number = {3},
pages = {249-266},
year = {1989},
issn = {0165-7836},
note = {doi: 10.1016/0165-7836(89)90059-3},
doi = {https://doi.org/10.1016/0165-7836(89)90059-3},
url = {https://www.sciencedirect.com/science/article/pii/0165783689900593},
author = {C. W. Glass and C. S. Wardle}}

@ARTICLE{gulland64,
  author = {J. A. Gulland},
  year = 1964,
  title = {Variations in selection factors, and mesh differentials},
  journal = {\jdc},
  volume = 29,
  number = 2,
  pages = {158--165}}

@misc{ices96,
  author = {{ICES}},
  year = 1996,
  title = {Manual of Methods of Measuring the Selectivity of Towed Fishing Gears},
  howpublished = {(Eds.) Wileman, D. A., Ferro, R. S. T., Fonteyne, R., and Millar, R. B. ICES Cooperative Research Report No. 215}}

@article{jacobsonetal15,
author = {Jacobson, Larry D. and Hendrickson, Lisa C. and Tang, Jiashen},
title = {Solar zenith angles for biological research and an expected catch model for diel vertical migration patterns that affect stock size estimates for longfin inshore squid (\textsl{Doryteuthis pealeii})},
journal = {Canadian Journal of Fisheries and Aquatic Sciences},
volume = {72},
number = {9},
pages = {1329-1338},
year = {2015},
doi = {10.1139/cjfas-2014-0436},
note = {doi: 10.1139/cjfas-2014-0436}}

@article{jonesetal21,
  title = {Experimental assessment of the effect of net wing spread on relative catch efficiency of four flatfishes by a four seam bottom trawl},
  journal = {Fisheries Research},
  volume = {244},
  pages = {106106},
  year = {2021},
  issn = {0165-7836},
  note = {doi: 10.1016/j.fishres.2021.106106},
  doi = {https://doi.org/10.1016/j.fishres.2021.106106},
  url = {https://www.sciencedirect.com/science/article/pii/S0165783621002344},
  author = {Andrew W. Jones and Timothy J. Miller and Philip J. Politis and David E. Richardson and Anna M. Mercer and Michael V. Pol and Christopher D. Roebuck}}

@article{kaingeetal17,
author = {Kainge, P. and van der Plas, A. K. and Bartholomae, C. H. and Wieland, K.},
title = {Effects of environmental variables on survey catch rates and distribution by size of shallow- and deep-water Cape hakes, Merluccius capensis and Merluccius paradoxus off Namibia},
journal = {Fisheries Oceanography},
year = {2017},
volume = {26},
number = {6},
pages = {680-692},
note = {doi: 10.1111/fog.12227},
doi = {https://doi.org/10.1111/fog.12227},
url = {https://onlinelibrary.wiley.com/doi/abs/10.1111/fog.12227}}

@article{kotwickietal11,
  title = {Improving area swept estimates from bottom trawl surveys},
  author = {Stan Kotwicki and Michael H. Martin and Edward A. Laman},
  journal = {Fisheries Research},
  volume = {110},
  number = {1},
  pages = {198-206},
  year = {2011},
  issn = {0165-7836},
  note = {doi: 10.1016/j.fishres.2011.04.007},
  url = {https://www.sciencedirect.com/science/article/pii/S0165783611001561}}

@article{kotwickietal13,
author = {Kotwicki, Stan and De Robertis, Alex and Ianelli, James N. and Punt, Andr√© E. and Horne, John K.},
title = {Combining bottom trawl and acoustic data to model acoustic dead zone correction and bottom trawl efficiency parameters for semipelagic species},
journal = {Canadian Journal of Fisheries and Aquatic Sciences},
volume = {70},
number = {2},
pages = {208-219},
year = {2013},
note = {doi: 10.1139/cjfas-2012-0321},
doi = {10.1139/cjfas-2012-0321}}

@article{kotwickietal17,
  title = {Selectivity ratio: A useful tool for comparing size selectivity of multiple survey gears},
  journal = {Fisheries Research},
  volume = {191},
  pages = {76-86},
  year = {2017},
  issn = {0165-7836},
  note = {doi: 10.1016/j.fishres.2017.02.012},
  doi = {https://doi.org/10.1016/j.fishres.2017.02.012},
  url = {https://www.sciencedirect.com/science/article/pii/S0165783617300498},
  author = {Stan Kotwicki and Robert R. Lauth and Kresimir Williams and Scott E. Goodman}}

@article{kragetal15,
  title = {Species selectivity in different sized topless trawl designs: Does size matter?},
  journal = {Fisheries Research},
  volume = {172},
  pages = {243-249},
  year = {2015},
  issn = {0165-7836},
  note = {doi: 10.1016/j.fishres.2015.07.010},
  doi = {https://doi.org/10.1016/j.fishres.2015.07.010},
  url = {https://www.sciencedirect.com/science/article/pii/S0165783615300199},
  author = {Ludvig A. Krag and Bent Herrmann and Junita D. Karlsen and Bernd Mieske}}

@article{kristensenetal16,
  author = {K. Kristensen and A. Nielsen and C. W. Berg and H. Skaug and B. M. Bell},
  year = {2016},
  title = {{TMB}: Automatic differentiation and {L}aplace approximation},
  journal = {Journal of Statistical Software},
  volume = 70,
  number = 5,
  pages = {1--21}}

@misc{legaultmccurdy18,
  author = {C. M. Legault and Q. M. McCurdy},
  year = 2018,
  title = {{Stock assessment of Georges Bank yellowtail flounder for 2018}},
  howpublished = {{Transboundary Resources Assessment Committee (TRAC) Reference Document 2018/?? available at: https://repository.library.noaa.gov/view/noaa/24818}}}

@misc{legaultmccurdy17,
  author = {C. M. Legault and Q. M. McCurdy},
  year = 2017,
  title = {{Stock assessment of Georges Bank yellowtail flounder for 2017}},
  howpublished = {{Transboundary Resources Assessment Committee (TRAC) Reference Document 2017/03 available at: https://repository.library.noaa.gov/view/noaa/27556}}}
  
@article{maunderpiner15,
  author = {M. N. Maunder and K. R. Piner},
  title = {Contemporary fisheries stock assessment: many issues still remain},
  year = 2015,
  journal = {\ijms},
  volume = 72,
  number = 1,
  pages = {7--18},
  note = {doi: 10.1093/icesjms/fsu015}}

@ARTICLE{millarfryer99,
	author = {R. B. Millar and R. J. Fryer},
	year =1999,
	title = {Estimating the size-selection curves of towed gears, traps, nets and hooks},
	journal = {\rfbf},
	volume = 9,
	number = 1,
	pages = {89--116},
	note = {doi: 10.1023/A:1008838220001}}

@ARTICLE{miller13,
	author = {T. J. Miller},
	year = {2013},
	title = {A comparison of hierarchical models for relative catch efficiency based on paired-gear data for {U}.{S}. {Northwest} {Atlantic} fish stocks},
	journal = {\cjfas},
	number = 9,
	volume = 70,
	pages = {1306--1316},
	note = {doi: 10.1139/cjfas-2013-0136}}

@article{milleretal19,
  author = {Miller, Timothy J. and Hart, Deborah R. and Hopkins, Karen and Vine, Norman H. and Taylor, Richard and York, Amber D. and Gallager, Scott M.},
  title = {{Estimation of the capture efficiency and abundance of Atlantic sea scallops (\textsl{Placopecten magellanicus}) from paired photographic‚Äìdredge tows using hierarchical models}},
  journal = {Canadian Journal of Fisheries and Aquatic Sciences},
  volume = {76},
  number = {6},
  pages = {847-855},
  year = {2019},
  note = {doi: 10.1139/cjfas-2018-0024}}

@misc{milleretal17a,
  author = {T. J. Miller and M. Martin and P. Politis and C. M. Legault and J. Blaylock},
  year = 2017,
  title = {Some statistical approaches to combine paired observations of chain sweep and rockhopper gear and catches from {NEFSC} and {DFO} trawl surveys in estimating {G}eorges {B}ank yellowtail flounder biomass},
  howpublished = {{TRAC} {W}orking {P}aper 2017/{XX}. 36p,}}

@misc{milleretal17b,
  author = {T. J. Miller and D. E. Richardson and P. Politis and J. Blaylock},
  year = 2017,
  title = {{NEFSC} bottom trawl catch efficiency and biomass estimates for 2009-2017 for 8 flatfish stocks included in the 2017 {N}ortheast {G}roundfish {O}perational {A}ssessments},
  howpublished = {2017 Groundfish Operational Assessment working paper. Northeast Fisheries Science Center}}

@misc{milleretal18,
  author = {T. J. Miller and  P. Politis  and J. Blaylock and D. Richardson and J. Manderson and C. Roebuck},
  year = 2018,
  title = {Relative efficiency of a chain sweep and the rockhopper sweep used for the {NEFSC} bottom trawl survey and chainsweep-based swept area biomass estimates for 11 flatfish stocks},
  howpublished = {{SAW} 66 summer flounder {D}ata/{M}odel/{B}iological {R}eference {P}oint meeting. National Marine Fisheries Service, Northeast Fisheries Science Center, Woods Hole, MA. September 17-21, 2018}}

@misc{milleretal20,
  author = {T. J. Miller and D. Richardson and P. Politis and J. Blaylock and J. Manderson and C. Roebuck},
  year = 2020,
  tile = {Relative efficiency of a chain sweep and the rockhopper sweep used for the {NEFSC} bottom trawl survey and biomass estimates for northern and southern red hake},
  howpublished = {{SAW} 66 summer flounder {D}ata/{M}odel/{B}iological {R}eference {P}oint meeting. National Marine Fisheries Service, Northeast Fisheries Science Center, Woods Hole, MA. September 17-21, 2018}}

@ARTICLE{munrosomerton01,
	author = {P. T. Munro and D. A. Somerton},
	title = {Maximum likelihood and non-parametric methods for estimating trawl footrope selectivity},
	year = 2001,
	journal = {\ijms},
	volume = 58,
	number = 1,
	pages = {220--229},
	note = {doi: 10.1006/jmsc.2000.1004}}

@misc{nefsc19,
  author = {{NEFSC}},
  year = 2019,
  title = {{66th Northeast Regional Stock Assessment Workshop (66th SAW) Assessment Report}},
  howpublished = {{US Dept Commer, Northeast Fish Sci Cent Ref Doc. 19-08; 1170 p. Available from: http://www.nefsc.noaa.gov/publications/}}}
  
@misc{nefsc20,
  author = {{NEFSC}},
  year = 2020,
  title = {Operational Assessment of 14 Northeast Groundfish Stocks,  Updated Through 2018},
  howpublished = {{Prepublication Copy of the September 2019 Operational Stock Assessment Report. The report is ``in preparation'' for publication by the NEFSC. (Oct. 3, 2019; latest revision: Jan. 7, 2020).}}}

@misc{nefsc20a,
  author = {{NEFSC}},
  year = 2020,
  title = {Final report of red hake stock structure working group},
  howpublished = {{US Dept Commer, Northeast Fish Sci Cent Ref Doc. 20-07; 185 p.}}}

@misc{nefsc20b,
  author = {{NEFSC}},
  year = 2020,
  title = {Operational assessment of the black sea bass, scup, bluefish, and monkfish stocks, updated through 2018},
  howpublished = {{US Dept Commer, Northeast Fish Sci Cent Ref Doc. 20-01; 160 p.}}}

@article{nicholetal19,
  title = {{Availability of yellowfin sole \textsl{Limanda aspera} to the eastern Bering Sea trawl survey and its effect on estimates of survey biomass}},
  journal = {Fisheries Research},
  volume = {211},
  pages = {319-330},
  year = {2019},
  issn = {0165-7836},
  doi = {https://doi.org/10.1016/j.fishres.2018.11.017},
  note = {doi: 10.1016/j.fishres.2018.11.017},
  author = {Daniel G. Nichol and Stan Kotwicki and Thomas K. Wilderbuer and Robert R. Lauth and James N. Ianelli}}

  @article{paloheimodickie64,
	author = {J. E. Paloheimo and L. M. Dickie},
	title = {Abundance and fishing success},
	year = 1964,
	journal = {\rpvrciemm},
	volume = 155,
	pages = {152--163}}

@article{pedersenetal19,
  author = {E. J. Pedersen and D. L. Miller and G. L. Simpson and N. Ross},
  year = 2019,
  title = {Hierarchical generalized additive models in ecology: an introduction with mgcv},
  journal = {PeerJ},
  volume = 7,
  pages = {e6876},
  note = {doi: 10.7717/peerj.6876}}

@article{pelletier98,
  author = {Pelletier, D},
  title = {Intercalibration of research survey vessels in fisheries: a review and an application},
  journal = {Canadian Journal of Fisheries and Aquatic Sciences},
  volume = {55},
  number = {12},
  pages = {2672-2690},
  year = {1998},
  note = {doi: 10.1139/f98-151},
  doi = {10.1139/f98-151}}


@misc{politisetal14,
  author = {P. J. Politis and J. K. Galbraith and P. Kostovick and R. W. Brown},
  year = 2014,
  title = {{N}ortheast {F}isheries {S}cience {C}enter bottom trawl survey protocols for the {NOAA} {S}hip {H}enry {B}. {B}igelow},  
  howpublished = {{U}.{S}. {D}ept. {C}ommer., {N}ortheast {F}ish. {S}ci. {C}ent. {R}ef. {D}oc. 14-06, 138p.}}

@Book{popeetal75,
  author = {J. A. Pope and A. R. Margetts and J. M. Hamley and E. F. {Aky\"uz}},
  title  ={Manual of Methods for Fish Stock Assessment, Part III - Selectivity of Fishing Gear},
  year = {1975},
  publisher = {Fisheries Technical Paper No. 41, Food and Agriculture Organization of the United Nations},
  address = {Rome},
  note = {65 p.}}

@Manual{R19,
  title        = {R: A Language and Environment for Statistical Computing},
  author       = {{R Core Team}},
  organization = {R Foundation for Statistical Computing},
  address      = {Vienna, Austria},
  year         = 2019,
  url          = {https://www.R-project.org}}

@article{rammxiao95,
  title = {Herding in groundfish and effective pathwidth of trawls},
  journal = {Fisheries Research},
  volume = {24},
  number = {3},
  pages = {243-259},
  year = {1995},
  issn = {0165-7836},
  note = {doi: 10.1016/0165-7836(95)00373-I},
  doi = {https://doi.org/10.1016/0165-7836(95)00373-I},
  author = {David C. Ramm and Yongshun Xiao}}

@article{roseetal10,
  year = 2010,
  author = {C. S. Rose and J. R. Gauvin and C. F. Hammond},
  title = {Effective herding of flatfish by cables with minimal seafloor contact},
  journal = {\fb},
  number = 2,
  volume = 108,
  pages = {136--144}}

@article{ryerbarnett06,
title = {Influence of illumination and temperature upon flatfish reactivity and herding behavior: Potential implications for trawl capture efficiency},
journal = {Fisheries Research},
volume = {81},
number = {2},
pages = {242-250},
year = {2006},
issn = {0165-7836},
note = {doi: 10.1016/j.fishres.2006.07.001},
doi = {https://doi.org/10.1016/j.fishres.2006.07.001},
url = {https://www.sciencedirect.com/science/article/pii/S0165783606002621},
author = {Clifford H. Ryer and Lewis A. K. Barnett}}

@article{ryer08,
title = {A review of flatfish behavior relative to trawls},
journal = {Fisheries Research},
volume = {90},
number = {1},
pages = {138-146},
year = {2008},
issn = {0165-7836},
note = {doi: 10.1016/j.fishres.2007.10.005},
doi = {https://doi.org/10.1016/j.fishres.2007.10.005},
url = {https://www.sciencedirect.com/science/article/pii/S0165783607002573},
author = {Clifford H. Ryer}}

@article{ryeretal10,
  year = 2010,
  author = {C. H. Ryer and C. S. Rose and P. J. Iseri},
  title = {Flatfish herding behavior in response to trawl sweeps: a comparison of diel responses to conventional sweeps and elevated sweeps},
  journal = {\fb},
  number = 2,
  volume = 108,
  pages = {145--154}}

@article{somertonetal99,
    author = {Somerton, D. and Ianelli, J. and Walsh, S. and Smith, S. and God{\o}, O. R. and Ramm, D.},
    title = {Incorporating experimentally derived estimates of survey trawl efficiency into the stock assessment process: a discussion},
    journal = {ICES Journal of Marine Science},
    volume = {56},
    number = {3},
    pages = {299-302},
    year = {1999},
    note = {doi: 10.1006/jmsc.1999.0443},
    url = {https://doi.org/10.1006/jmsc.1999.0443}}

@article{somertonmunro01,
  year = 2001,
  author = {D. A. Somerton and P. Munro},
  title = {Bridle efficiency of a survey trawl for flatfish},
  journal = {\fb},
  number = 4,
  volume = 99,
  pages = {641--652}}

@article{somertonetal07,
  year = 2007,
  author = {D. A. Somerton and P. T. Munro and K. L. Weinberg},
  title = {Whole-gear efficiency of a benthic survey trawl for flatfish},
  journal = {\fb},
  number = 2,
  volume = 105,
  pages = {278--291}}

@article{somertonetal13,
  author = {Somerton, David A. and Weinberg, Kenneth L. and Goodman, Scott E.},
  title = {{Catchability of snow crab (\textsl{Chionoecetes opilio}) by the eastern Bering Sea bottom trawl survey estimated using a catch comparison experiment}},
  journal = {Canadian Journal of Fisheries and Aquatic Sciences},
  volume = {70},
  number = {12},
  pages = {1699-1708},
  year = {2013},
  note = {doi: 10.1139/cjfas-2013-0100},
  doi = {10.1139/cjfas-2013-0100}}


@ARTICLE{smith97,
  author = {S. J. Smith},
  year = 1997,
  title = {Bootstrap confidence limits for groundfish trawl survey estimates of mean abundance},
  journal = {\cjfas},
  volume = 54,
  number = 3,
  pages = {616--630},
  note = {doi: 10.1139/f96-303}}

@article{stocketal21,
title = {{Implementing two-dimensional autocorrelation in either survival or natural mortality improves a state-space assessment model for Southern New England-Mid Atlantic yellowtail flounder}},
journal = {Fisheries Research},
volume = {237},
pages = {105873},
year = {2021},
note = {doi: 10.1016/j.fishres.2021.105873},
author = {Brian C. Stock and Haikun Xu and Timothy J. Miller and James T. Thorson and Janet A. Nye}}

@misc{thiessetal18,
  year = 2018,
  title = {{Proceedings of the National Comparative Trawl Workshop, November 28-30, 2017, Nanaimo, B. C.}},
  author = {M. E. Thiess and H. Benoit and D. S. Clark and K. Fong and L. G. S. Mello and F. Mowbray and P. Pepin and N. G. Cadigan and T. J. Miller and D. Thirkell and L. Wheeland},
  howpublished = {{Canadian Technical Report of Fisheries and Aquatic Sciences 3254, x + 40 p.}}}

@article{thygesenetal19,
    author = {Thygesen, Uffe H{\o}gsbro and Kristensen, Kasper and Jansen, Teunis and Beyer, Jan E},
    title = "{Intercalibration of survey methods using paired fishing operations and log-Gaussian Cox processes}",
    journal = {ICES Journal of Marine Science},
    volume = {76},
    number = {4},
    pages = {1189-1199},
    year = {2019},
    issn = {1054-3139},
    note = {doi: 10.1093/icesjms/fsy191},
    doi = {10.1093/icesjms/fsy191},
    url = {https://doi.org/10.1093/icesjms/fsy191}}

@article{wangetal18,
  title = {Evaluation of alternative stratifications for a stratified random fishery-independent survey},
  journal = {Fisheries Research},
  volume = {207},
  pages = {150-159},
  year = {2018},
  issn = {0165-7836},
  note = {doi: 10.1016/j.fishres.2018.06.019},
  doi = {https://doi.org/10.1016/j.fishres.2018.06.019},
  url = {https://www.sciencedirect.com/science/article/pii/S0165783618301905},
  author = {Jing Wang and Binduo Xu and Chongliang Zhang and Ying Xue and Yong Chen and Yiping Ren}}

@article{wilbergetal09,
  author = { Michael J.   Wilberg  and  James T.   Thorson  and  Brian C.   Linton  and  Jim   Berkson },
  title = {Incorporating Time-Varying Catchability into Population Dynamic Stock Assessment Models},
  journal = {Reviews in Fisheries Science},
  volume = {18},
  number = {1},
  pages = {7-24},
  year  = {2009},
  note = {doi: 10.1080/10641260903294647},
  doi = {10.1080/10641260903294647}}

@BOOK{wood06,
  author = {S. N. Wood},
  title = {Generalized Additive Models: An Introduction with R},
  publisher = {Chapman \& Hall},
  address = {Boca Raton, Florida},
  year = 2006,
  note = {392 pp.}}


