
@article{bourne65,
  author = {N. Bourne},
  year = 1965,
  title = {A comparison of catches by 3- and 4-inch rings on offshore scallop drags},
  journal = {\jfrbc},
  volume = 22,
  number = 2,
  pages = {313--333}}
  
@ARTICLE{gulland64,
  author = {J. A. Gulland},
  year = 1964,
  title = {Variations in selection factors, and mesh differentials},
  journal = {\jdc},
  volume = 29,
  number = 2,
  pages = {158--165}}

@misc{ices96,
  author = {{ICES}},
  year = 1996,
  title = {Manual of Methods of Measuring the Selectivity of Towed Fishing Gears},
  howpublished = {(Eds.) Wileman, D. A., Ferro, R. S. T., Fonteyne, R., and Millar, R. B. ICES Cooperative Research Report No. 215}}

@article{kristensenetal16,
  author = {K. Kristensen and A. Nielsen and C. W. Berg and H. Skaug and B. M. Bell},
  year = {2016},
  title = {{TMB}: Automatic differentiation and {L}aplace approximation},
  journal = {Journal of Statistical Software},
  volume = 70,
  number = 5,
  pages = {1--21}}

@ARTICLE{miller13,
	author = {T. J. Miller},
	year = {2013},
	title = {A comparison of hierarchical models for relative catch efficiency based on paired-gear data for {U}.{S}. {Northwest} {Atlantic} fish stocks},
	journal = {\cjfas},
	number = 9,
	volume = 70,
	pages = {1306--1316},
	note = {doi: 10.1139/cjfas-2013-0136}}

@misc{milleretal17a,
  author = {T. J. Miller and M. Martin and P. Politis and C. M. Legault and J. Blaylock},
  year = 2017,
  title = {Some statistical approaches to combine paired observations of chain sweep and rockhopper gear and catches from {NEFSC} and {DFO} trawl surveys in estimating {G}eorges {B}ank yellowtail flounder biomass},
  howpublished = {{TRAC} {W}orking {P}aper 2017/{XX}. 36p,}}

@misc{milleretal17b,
  author = {T. J. Miller and D. E. Richardson and P. Politis and J. Blaylock},
  year = 2017,
  title = {{NEFSC} bottom trawl catch efficiency and biomass estimates for 2009-2017 for 8 flatfish stocks included in the 2017 {N}ortheast {G}roundfish {O}perational {A}ssessments},
  howpublished = {2017 Groundfish Operational Assessment working paper. Northeast Fisheries Science Center}}

@misc{milleretal18,
  author = {T. J. Miller and  P. Politis  and J. Blaylock and D. Richardson and J. Manderson and C. Roebuck},
  year = 2018,
  title = {Relative efficiency of a chain sweep and the rockhopper sweep used for the {NEFSC} bottom trawl survey and chainsweep-based swept area biomass estimates for 11 flatfish stocks},
  howpublished = {{SAW} 66 summer flounder {D}ata/{M}odel/{B}iological {R}eference {P}oint meeting. National Marine Fisheries Service, Northeast Fisheries Science Center, Woods Hole, MA. September 17-21, 2018}}

@misc{milleretal20,
  author = {T. J. Miller and D. Richardson and P. Politis and J. Blaylock and J. Manderson and C. Roebuck},
  year = 2020,
  tile = {Relative efficiency of a chain sweep and the rockhopper sweep used for the {NEFSC} bottom trawl survey and biomass estimates for northern and southern red hake},
  howpublished = {{SAW} 66 summer flounder {D}ata/{M}odel/{B}iological {R}eference {P}oint meeting. National Marine Fisheries Service, Northeast Fisheries Science Center, Woods Hole, MA. September 17-21, 2018}}
  
@misc{nefsc2020,
  author = {{NEFSC}},
  year = 2020,
  title = {Operational Assessment of 14 Northeast Groundfish Stocks,  Updated Through 2018},
  howpublished = {Prepublication Copy of the September 2019 Operational Stock Assessment Report. The report is ``in preparation'' for publication by the NEFSC. (Oct. 3, 2019; latest revision: Jan. 7, 2020). https://nefsc.noaa.gov/saw/2019-groundfish-docs/Prepublication-NE-Grndfsh-1-7-2020.pdf}}

@misc{politisetal14,
  author = {P. J. Politis and J. K. Galbraith and P. Kostovick and R. W. Brown},
  year = 2014,
  title = {{N}ortheast {F}isheries {S}cience {C}enter bottom trawl survey protocols for the {NOAA} {S}hip {H}enry {B}. {B}igelow},  
  howpublished = {{U}.{S}. {D}ept. {C}ommer., {N}ortheast {F}ish. {S}ci. {C}ent. {R}ef. {D}oc. 14-06, 138p.}}

@Book{popeetal75,
  author = {J. A. Pope and A. R. Margetts and J. M. Hamley and E. F. {Aky\"uz}},
  title  ={Manual of Methods for Fish Stock Assessment, Part III - Selectivity of Fishing Gear},
  year = {1975},
  publisher = {Fisheries Technical Paper No. 41, Food and Agriculture Organization of the United Nations},
  address = {Rome},
  note = {65 p.}}

@Manual{R19,
  title        = {R: A Language and Environment for Statistical Computing},
  author       = {{R Core Team}},
  organization = {R Foundation for Statistical Computing},
  address      = {Vienna, Austria},
  year         = 2019,
  url          = {https://www.R-project.org}}

@ARTICLE{smith97,
  author = {S. J. Smith},
  year = 1997,
  title = {Bootstrap confidence limits for groundfish trawl survey estimates of mean abundance},
  journal = {\cjfas},
  volume = 54,
  number = 3,
  pages = {616--630},
  note = {doi: 10.1139/f96-303}}
  
@BOOK{wood06,
  author = {S. N. Wood},
  title = {Generalized Additive Models: An Introduction with R},
  publisher = {Chapman \& Hall},
  address = {Boca Raton, Florida},
  year = 2006,
  note = {392 pp.}}


